<?xml version="1.0" encoding="UTF-8"?><collection xmlns="http://www.loc.gov/MARC21/slim"><record><leader>00395nam--2200133-i-4500</leader><controlfield tag="001">000036993</controlfield><controlfield tag="002">20161230</controlfield><controlfield tag="005">20161230201041</controlfield><controlfield tag="008">060222s1000------------r-----000-0-eng-d</controlfield><datafield ind1=" " ind2=" " tag="080"><subfield code="a">548.1:548.7</subfield></datafield><datafield ind1=" " ind2=" " tag="100"><subfield code="a">Prince, Edward</subfield></datafield><datafield ind1=" " ind2=" " tag="245"><subfield code="a">Mathematical techniques in crystallography and materials science. with 28 illustrations</subfield></datafield><datafield ind1=" " ind2=" " tag="260"><subfield code="a">New York, Springer-verlag, 1982, Viii + 192p</subfield></datafield><datafield ind1=" " ind2=" " tag="852"><subfield code="a">70300</subfield></datafield></record></collection>